@misc{siavash2025llmpoweredquantumcodetranspilation,
      title={LLM-Powered Quantum Code Transpilation}, 
      author={Nazanin Siavash and Armin Moin},
      year={2025},
      eprint={2507.12480},
      archivePrefix={arXiv},
      primaryClass={cs.SE},
      url={https://arxiv.org/abs/2507.12480}, 
}

@misc{siavash2025modeldrivenquantumcodegeneration,
      title={Model-Driven Quantum Code Generation Using Large Language Models and Retrieval-Augmented Generation}, 
      author={Nazanin Siavash and Armin Moin},
      year={2025},
      eprint={2508.21097},
      archivePrefix={arXiv},
      primaryClass={cs.SE},
      url={https://arxiv.org/abs/2508.21097}, 
}

@INPROCEEDINGS{10691762,
  author={Dupuis, Nicolas and Buratti, Luca and Vishwakarma, Sanjay and Forrat, Aitana Viudes and Kremer, David and Faro, Ismael and Puri, Ruchir and Cruz-Benito, Juan},
  booktitle={2024 IEEE LLM Aided Design Workshop (LAD)}, 
  title={Qiskit Code Assistant: Training LLMs for generating Quantum Computing Code}, 
  year={2024},
  volume={},
  number={},
  pages={1-4},
  keywords={Training;Codes;Quantum computing;Computational modeling;Large language models;Quantum mechanics;Programming;Libraries;Encoding;Software development management;Code Large Language Models;code LLMs;Qiskit;Quantum Computing},
  doi={10.1109/LAD62341.2024.10691762}
}

@article{jimenez2025codegeneration,
  title={Code generation for classical-quantum software systems modeled in UML},
  author={Jim{\'e}nez-Navajas, Luis and P{\'e}rez-Castillo, Ricardo and Piattini, Mario},
  journal={Software and Systems Modeling},
  volume={24},
  number={3},
  pages={795--821},
  year={2025},
  publisher={Springer},
  doi={10.1007/s10270-024-01259-w}
}

@misc{basit2025pennylangpioneeringllmbasedquantum,
      title={PennyLang: Pioneering LLM-Based Quantum Code Generation with a Novel PennyLane-Centric Dataset}, 
      author={Abdul Basit and Nouhaila Innan and Muhammad Haider Asif and Minghao Shao and Muhammad Kashif and Alberto Marchisio and Muhammad Shafique},
      year={2025},
      eprint={2503.02497},
      archivePrefix={arXiv},
      primaryClass={cs.SE},
      url={https://arxiv.org/abs/2503.02497}, 
}

@misc{campbell2025enhancingllmbasedquantumcode,
      title={Enhancing LLM-based Quantum Code Generation with Multi-Agent Optimization and Quantum Error Correction}, 
      author={Charlie Campbell and Hao Mark Chen and Wayne Luk and Hongxiang Fan},
      year={2025},
      eprint={2504.14557},
      archivePrefix={arXiv},
      primaryClass={quant-ph},
      url={https://arxiv.org/abs/2504.14557}, 
}

@misc{yu2025quasarquantumassemblycode,
      title={QUASAR: Quantum Assembly Code Generation Using Tool-Augmented LLMs via Agentic RL}, 
      author={Cong Yu and Valter Uotila and Shilong Deng and Qingyuan Wu and Tuo Shi and Songlin Jiang and Lei You and Bo Zhao},
      year={2025},
      eprint={2510.00967},
      archivePrefix={arXiv},
      primaryClass={cs.AI},
      url={https://arxiv.org/abs/2510.00967}, 
}

@misc{jern2025agentqfinetuninglargelanguage,
      title={Agent-Q: Fine-Tuning Large Language Models for Quantum Circuit Generation and Optimization}, 
      author={Linus Jern and Valter Uotila and Cong Yu and Bo Zhao},
      year={2025},
      eprint={2504.11109},
      archivePrefix={arXiv},
      primaryClass={quant-ph},
      url={https://arxiv.org/abs/2504.11109}, 
}
